@book{diszkretmatek,
	title={Diszkr{\'e}t matematika},
	author={Lovász, L. and Pelikán, J. and Vesztergombi, K.},
	isbn={9789639664029},
	series={Elm{\'e}leti matematika},
	url={https://books.google.ro/books?id=sxY_KJ7GRwgC},
	year={2006},
	publisher={Typotex}
}

@book{ASzi,
	title={Matematika a IX. osztály számára},
	author={András, Sz. and Csapó, H. and Lukács, A.},
	year={2002},
	publisher={Státus Kiadó}
}

@book{andreescu2013102,
	title={102 Combinatorial Problems: From the Training of the USA IMO Team},
	author={Andreescu, T. and Feng, Z.},
	isbn={9780817682224},
	lccn={2002028382},
	url={https://books.google.ro/books?id=mLQPBwAAQBAJ},
	year={2013},
	publisher={Birkh{\"a}user Boston}
}

@book{komb,
	title={Kombinatorika jegyzet és feladatgyűjtemény},
	author={Király, B. and Tóth, L.},
	publisher={Pécsi Tudományegyetem},
	year={2011}
}

@book{Moz1,
	title={Sokszínű Matematika feladatgyűjtemény 11. osztály},
	author={Árki, T. and Konfárné Nagy, K. and Kovács, I. and Trembeczki, Cs. and Urbán, J.},
	publisher={Mozaik Kiadó},
	address={Szeged},
	year={2020}
}

@book{Moz2,
	title={Sokszínű Matematika tankönyv 11. osztály},
	author={Kosztolányi, J. and Kovács, I. and Pintér K. and Urbán, J. and Vincze, I.},
	publisher={Mozaik Kiadó},
	address={Szeged},
	year={2022}
}

@book{Moz3,
	title={Sokszínű Matematika tankönyv 10. osztály},
	author={Kosztolányi, J. and Kovács, I. and Pintér K. and Urbán, J. and Vincze, I.},
	publisher={Mozaik Kiadó},
	address={Szeged},
	year={2022}
}

@book{Moz4,
	title={Sokszínű Matematika feladatgyűjtemény 10. osztály},
	author={Árki, T. and Konfárné Nagy, K. and Kovács, I. and Trembeczki, Cs. and Urbán, J.},
	publisher={Mozaik Kiadó},
	address={Szeged},
	year={2021}
}

@book{aigner2004proofs,
	title={Proofs from THE BOOK},
	author={Aigner, M. and Ziegler, G.M.},
	isbn={9783540404606},
	lccn={2003060832},
	url={https://books.google.ro/books?id=KvQr9l0wgf8C},
	year={2004},
	publisher={Springer}
}

@book{ATT,
	title={Nincs királyi út!},
	author={Sain, M.},
	year={1986},
	publisher={Gondolat kiadó},
	address={Budapest}
}

@book{a1,
	title={Matematika 10. osztály (I-II. kötet)
	tankönyv},
	author={András, Sz. and Szilágyi, J.},
	year={2000},
	publisher={Erdélyi Tankönyvtanács},
	address={Kolozsvár}
}

@book{a2,
	title={Kombinatorika jegyzet és feladatgyűjtemény},
	author={Király, B. and Tóth, L.},
	year={2011},
	publisher={Pécsi Tudományegyetem},
	address={Pécs}
}

@book{a3,
	title={Combinatorică cu aplicații},
	author={Kása, Z.},
	year={2003},
	publisher={Presa Universitară Clujeană},
	address={Cluj-Napoca}
}

@book{a4,
	title={KOMBINATORIKA: Példák és megoldások},
	author={Láng, Cs.},
	year={2006},
	publisher={ELTE IK Budapest},
	address={Budapest}
}


@online{e1,
	title={Pascal-háromszög},
	author={Wikipedia},
	url={https://hu.wikipedia.org/wiki/Pascal-h%C3%A1romsz%C3%B6g}
}

@online{e2,
	title={Nicolo Tartaglia},
	author={Wikipedia},
	url={https://en.wikipedia.org/wiki/Nicolo_Tartaglia}
}

@online{e3,
	title={Petrus Apianus},
	author={Wikipedia},
	url={https://hu.wikipedia.org/wiki/Petrus_Apianus}
}

@online{e4,
	title={Michael Stifel Biography},
	author={MacTutor},
	url={https://mathshistory.st-andrews.ac.uk/Biographies/Stifel/}
}

@online{e5,
	title={Yang Hui},
	author={Wikipedia},
	url={https://en.wikipedia.org/wiki/Yang_Hui}
}

@online{e6,
	title={Binomial theorem},
	author={Wikipedia},
	url={https://en.wikipedia.org/wiki/Binomial_theorem}
}

@online{e7,
	title={Pascal’s Triangle Online},
	author={Mathigon},
	url={https://mathigon.org/course/sequences/pascals-triangle?fbclid=IwY2xjawJSNH1leHRuA2FlbQIxMAABHdKs5VH-uPr_MrJXtm5Bt0-Ima86B7AqARyf5XoyXEeBA_tXzXkG7Vf2Lw_aem_hVcotl8kGh-BhOqF5w-W4g}
}

@online{elte,
	author = {Hegyvári, N. and Hraskó, A. and Korándi, J. and Török, J.},
	title = {Elemi matematika feladatgyűjtemény},
	url  = {https://mathdid.elte.hu/bootstrap/jegyzetek/elemi_matematika_fgy.pdf}
}

@online{lang,
	author = {Láng, Cs.},
	title = {Számelmélet -- Példák és feladatok},
	publisher = {Eötvös Loránd Tudományegyetem, Informatikai Kar},
	url = {https://www.inf.elte.hu/dstore/document/288/Szamelmelet_-_Peldak_es_feladatok%20(1).pdf}
}

@online{szesler,
	author = {Szeszlér, D.},
	title = {Bevezetés a Számításelméletbe 1},
	publisher = {Budapesti Műszaki és Gazdaságtudományi Egyetem, Távközlési és Médiainformatikai Tanszék},
	url= {https://cs.bme.hu/bsz1/jegyzet/bsz1_jegyzet.pdf}
}

@book{lukacs,
	author = {Lukács, A.},
	title = {Számelmélet (jegyzet)},
	publisher = {Babeș-Bolyai Tudományegyetem}
}

@book{Haj1,
	author = {Hajnal, P.}, 
	title = {Elemi kombinatorikai feladatok}, 
	publisher = {Polygon Kiadó}, 
	address = {Szeged}, 
	year = {2005}
}

@book{Haj2,
	author = {Hajnal, P.}, 
	title = {Összeszámlálási problémák}, 
	publisher = {Polygon Kiadó}, 
	address = {Szeged}, 
	year = {1997}
}

@book{Meg,
	author = {Megyesi, L.}, 
	title = {Bevezetés a számelméletbe}, 
	publisher = {Polygon Kiadó}, 
	address = {Szeged}, 
	year = {1997}
}

@book{Tom,
	author = {Tomescu, I.},
	title = {Kombinatorika és alkalmazásai},
	publisher = {Műszaki Könyvkiadó},
	address = {Budapest},
	year = {1978}
}

@online{Chotibut,
	author = {Chotibut, T.},
	title = {Introduction to crypthography},
	url = {https://medium.com/qtft/introduction-to-cryptography-part-i-f581747329dc}
}

@article{Davies,
	author = {Davies, D.}, 
	title = {A brief history of cryptography},
	journal = {Information Security Technical Report},
	volume = {2}, 
	number = {2}, 
	pages = {14-17},
	year = {1997}, 
	publisher = {Elsevier}
}


@book{Delfs,
	author = {Delfs, H. and Knebl, H.},
	title = {Introduction to Cryptography: Principles and Applications},
	year = {2015},
	publisher = {Springer}
}

@book{Buell,
	author = {Buell, D.},
	title = {Fundamentals of Cryptography: Introducing Mathematical and Algorithmic Foundations},
	year = {2021},
	publisher = {Springer}
} 

@book{devlin2011,
	author = {Devlin, K.},
	title = {The Man of Numbers: Fibonacci’s Arithmetic Revolution},
	year = {2011},
	publisher = {Walker \& Company}
}

@book{fibonacci2002,
	author = {Fibonacci, L.},
	title = {Liber Abaci (1202)},
	editor = {L. E. Sigler},
	publisher = {Springer},
	year = {2002}
}

@book{boyer2011,
	author = {Boyer, C. B. and Merzbach, U. C.},
	title = {A History of Mathematics (3rd ed.)},
	publisher = {Wiley},
	year = {2011}
}

@book{singh1997,
	author = {Singh, S.},
	title = {Fermat’s Enigma},
	publisher = {Fourth Estate},
	year = {1997}
}

@online{oconnor,
	author = {O’Connor, J. J. and Robertson, E. F.},
	title = {Leonardo Pisano Fibonacci},
	publisher = {MacTutor History of Mathematics Archive, University of St Andrews},
	url = {https://mathshistory.st-andrews.ac.uk/Biographies/Fibonacci/}
}

@online{MTN621g,
	author = {Máder, A.},
	title = {Elemi matematika 4 - MTN621g},
	url = {https://www.math.u-szeged.hu/~madera/202122/4gr%C3%A1fokh.pdf},
	publisher = {Szegedi Tudományegyetem}
}

@online{diszkmat2,
	author = {Waldhauser, T.},
	title = {DISZKRÉT MATEMATIKA II feladatgyűjtemény},
	url = {https://www.math.u-szeged.hu/~twaldha/tanitas/regi/dimat2_2024tavasz/feladatgyujtemeny.pdf},
	publisher = {Szegedi Tudományegyetem}
}

@book{Csikvari,
	author = {Csikvári, P. and Nagy, Z. L. and Pálvölgyi, D.},
	title = {Diszkrét matematika feladatok},
	publisher = {Eötvös Loránd Tudományegyetem},
	year = {2014}
}

@online{Lzsuzsa,
	author = {László, Zs.},
	title = {Számítástudomány alapjai, 6. előadás},
	url = {https://www.cs.bme.hu/~lazsa/sza2022/hatodik_eloadas_SZA22.pdf},
	publisher = {BME},
	year = {2022}
}

@book{Gross,
	author = {Gross, J.L. and Yellen, J. and Anderson, M.},
	title = {Topics in Graph Theory (1st ed.)},
	year = {2023},
	publisher = {Chapman and Hall/CRC},
	url = {https://doi.org/10.1201/9781003051237}
}

@online{London,
	author = {London, A. and Pluhár, A.},
	title = {Gráfelméleti algoritmusok},
	url = {https://www.inf.szte.hu/~pluhar/oktatas/grafalg.pdf}
}

@online{Brosch,
	author = {Brósch, Z.},
	title = {Gráfelmélet 2},
	url = {https://docplayer.hu/15050939-Brosch-zoltan-debreceni-egyetem-kossuth-lajos-gyakorlo-gimnaziuma-grafelmelet-ii-grafok-vegigjarasa.html}
}

@online{Butenko,
	author = {Butenko, S.},
	title = {Minimal Spanning Tree (video)},
	url = {https://www.youtube.com/watch?v=r4jf5d4_7S4&ab_channel=SergiyButenko}
}

@online{Muddy,
	author = {Bell, T. and Witten, I.H. and Fellows, M.},
	title = {The Muddy City – Minimal Spanning Trees},
	url = {https://classic.csunplugged.org/documents/activities/minimal-spanning-trees/unplugged-09-minimal_spanning_trees.pdf}
}